<collection xmlns="http://www.loc.gov/MARC21/slim"><record><leader>00599nam  2200193   450</leader><controlfield tag="001">143</controlfield><controlfield tag="003">http://montalegre.opacnet.com/OPAC/default.aspx?ContentAreaControl=ShowRegHoldings.ascx&amp;RegNo=16662</controlfield><controlfield tag="005">20</controlfield><datafield tag="100" ind1=" " ind2=" "><subfield code="a">19940707d1964    km y0pory010305  ba</subfield></datafield><datafield tag="101" ind1="1" ind2=" "><subfield code="a">por</subfield><subfield code="c">fre</subfield></datafield><datafield tag="102" ind1=" " ind2=" "><subfield code="a">PT</subfield></datafield><datafield tag="200" ind1="1" ind2=" "><subfield code="a">Graus</subfield><subfield code="e">romance</subfield><subfield code="f">de Michel Butor</subfield><subfield code="g">trad. de Mário Dias Ramos e Manuel de Castro</subfield></datafield><datafield tag="210" ind1=" " ind2=" "><subfield code="a">Lisboa</subfield><subfield code="c">Arcádia</subfield><subfield code="d">imp. 1964</subfield></datafield><datafield tag="215" ind1=" " ind2=" "><subfield code="a">454 p.</subfield><subfield code="d">19 cm</subfield></datafield><datafield tag="225" ind1="2" ind2=" "><subfield code="a">Encontro</subfield><subfield code="v">30</subfield></datafield><datafield tag="300" ind1=" " ind2=" "><subfield code="a">Tít. orig.: Degrés</subfield></datafield><datafield tag="675" ind1=" " ind2=" "><subfield code="a">821</subfield><subfield code="v">BN</subfield><subfield code="z">por</subfield></datafield><datafield tag="700" ind1=" " ind2="1"><subfield code="a">Butor</subfield><subfield code="b">Michel</subfield><subfield code="f">1926</subfield></datafield><datafield tag="801" ind1=" " ind2="0"><subfield code="a">PT</subfield><subfield code="b">Biblioteca Municipal de Montalegre</subfield><subfield code="g">RPC</subfield></datafield><datafield tag="909" ind1="&#9;" ind2=" "><subfield code="a">1</subfield></datafield><datafield tag="966" ind1=" " ind2=" "><subfield code="a">0008118</subfield><subfield code="l">BMM</subfield><subfield code="s">SCG 821 BUT gra</subfield></datafield></record></collection>